<record><leader>00000cas a2200000 a 4500</leader><controlfield tag="001">14152497</controlfield><controlfield tag="008">860827d19211954kyudn ne      0    0eng d</controlfield><datafield ind1=" " ind2=" " tag="010"><subfield code="a">sn 86069426 </subfield></datafield><datafield ind1=" " ind2=" " tag="040"><subfield code="a">KNP</subfield><subfield code="b">eng</subfield><subfield code="c">KNP</subfield><subfield code="d">OCL</subfield><subfield code="d">OCLCQ</subfield></datafield><datafield ind1=" " ind2=" " tag="042"><subfield code="a">msc</subfield></datafield><datafield ind1="0" ind2="0" tag="245"><subfield code="a">Henderson morning gleaner.</subfield></datafield><datafield ind1="3" ind2="0" tag="246"><subfield code="a">Henderson morning gleaner Henderson daily journal</subfield></datafield><datafield ind1="3" ind2="0" tag="246"><subfield code="a">Sunday gleaner and journal</subfield></datafield><datafield ind1="3" ind2="0" tag="246"><subfield code="a">Gleaner and journal</subfield></datafield><datafield ind1=" " ind2=" " tag="260"><subfield code="a">Henderson, Ky. :</subfield><subfield code="b">Leigh Harris,</subfield><subfield code="c">1921-1954.</subfield></datafield><datafield ind1=" " ind2=" " tag="300"><subfield code="a">v. :</subfield><subfield code="b">ill.</subfield></datafield><datafield ind1=" " ind2=" " tag="310"><subfield code="a">Daily (except Mon.)</subfield></datafield><datafield ind1="0" ind2=" " tag="362"><subfield code="a">Vol. 36 (Mar. 27, 1921)- ; -Jan. 17, 1954.</subfield></datafield><datafield ind1=" " ind2=" " tag="500"><subfield code="a">On Sundays published as: Henderson morning gleaner Henderson daily journal, May 29, 1921- ; Sunday gleaner and journal, -July 17, 1938; Gleaner and journal, July 24, 1938-</subfield></datafield><datafield ind1=" " ind2=" " tag="515"><subfield code="a">Volume numbering dropped in 19.</subfield></datafield><datafield ind1=" " ind2="4" tag="651"><subfield code="a">Henderson (Ky.)</subfield><subfield code="v">Newspapers.</subfield></datafield><datafield ind1=" " ind2="4" tag="651"><subfield code="a">Henderson County (Ky.)</subfield><subfield code="v">Newspapers.</subfield></datafield><datafield ind1=" " ind2=" " tag="752"><subfield code="a">United States</subfield><subfield code="b">Kentucky</subfield><subfield code="c">Henderson</subfield><subfield code="d">Henderson.</subfield></datafield><datafield ind1="0" ind2="0" tag="780"><subfield code="t">Henderson daily gleaner</subfield><subfield code="w">(DLC)sn 86069486</subfield><subfield code="w">(OCoLC)14152287</subfield></datafield><datafield ind1="0" ind2="7" tag="785"><subfield code="t">Henderson gleaner and journal</subfield><subfield code="w">(DLC)sn 86069427</subfield><subfield code="w">(OCoLC)14156396</subfield></datafield><datafield ind1="0" ind2="7" tag="785"><subfield code="t">Henderson evening journal (Henderson, Ky. : 1921)</subfield><subfield code="w">(DLC)sn 86069436</subfield><subfield code="w">(OCoLC)14346366</subfield></datafield><datafield ind1="1" ind2=" " tag="029"><subfield code="a">AU@</subfield><subfield code="b">000025825268</subfield></datafield></record>